<?xml version="1.0" encoding="UTF-8"?><record xmlns="http://www.loc.gov/MARC21/slim" xmlns:cinclude="http://apache.org/cocoon/include/1.0" xmlns:zs="http://www.loc.gov/zing/srw/">
  <leader>00466nz  a2200121n  4500</leader>
  <controlfield tag="001">n 2002093215</controlfield>
  <controlfield tag="003">DLC</controlfield>
  <controlfield tag="005">20020118103425.0</controlfield>
  <controlfield tag="008">020118n| acannaabn          |n ana      </controlfield>
  <datafield tag="010" ind1=" " ind2=" ">
    <subfield code="a">n 2002093215</subfield>
  </datafield>
  <datafield tag="040" ind1=" " ind2=" ">
    <subfield code="a">DLC</subfield>
    <subfield code="b">eng</subfield>
    <subfield code="c">DLC</subfield>
  </datafield>
  <datafield tag="110" ind1="2" ind2=" ">
    <subfield code="a">Magyar Környezeti Nevelési Egyesület</subfield>
  </datafield>
  <datafield tag="670" ind1=" " ind2=" ">
    <subfield code="a">Országos Környezeti Nevelési Konferencia (1st : 1997 : Budapest, Hungary). Nemzeti környezeti nevelési stratégia, 1998:</subfield>
    <subfield code="b">t.p. (Magyar Környezeti Nevelési Egyesület)</subfield>
  </datafield>
</record>